@inproceedings{Addoum2021,
author = {Addoum, Mael Ahmad and Rouffet, Maxime and Jacopin, \'{E}ric},
title = {3D Brawler Game Using a Hybrid Planning Approach},
year = {2021},
publisher = {IEEE Press},
url = {https://doi.org/10.1109/CoG52621.2021.9619075},
doi = {10.1109/CoG52621.2021.9619075},
booktitle = {2021 IEEE Conference on Games (CoG)},
pages = {1–2},
numpages = {2},
location = {Copenhagen, Denmark}
}


@INPROCEEDINGS{Addoum2021-bis,
  author={Addoum, Mael Ahmad and Mekhaemar, Jannah and Rouffet, Maxime and Jacopin, Éric},
  booktitle={2021 IEEE Conference on Games (CoG)}, 
  title={Khaldun: GOAP for both Procedural Level generation and NPC Behaviors}, 
  year={2021},
  volume={},
  number={},
  pages={1-2},
  keywords={Conferences;Games;Tools;Planning;Artificial intelligence;GOAP;Procedural Level Generation},
  doi={10.1109/CoG52621.2021.9619062}}
